@ARTICLE{cle, 
author = "liste-noms-auteur", 
title = "titre-article", 
journal = "nom-journal", 
year = "annee-parution", 
} 